@book{Lynch_Park_2017, place={Cambridge}, title={Modern Robotics: Mechanics, Planning, and Control}, publisher={Cambridge University Press}, author={Lynch, Kevin M. and Park, Frank C.}, year={2017}} <div></div>

@INPROCEEDINGS{Hepanda,
  author={He, Yanhao and Liu, Steven},
  booktitle={2021 9th International Conference on Control, Mechatronics and Automation (ICCMA)}, 
  title={Analytical Inverse Kinematics for Franka Emika Panda â€“ a Geometrical Solver for 7-DOF Manipulators with Unconventional Design}, 
  year={2021},
  volume={},
  number={},
  pages={194-199},
  keywords={Wrist;Geometry;Mechatronics;Trajectory planning;Kinematics;Switches;Real-time systems;Robotics;Inverse Kinematics;Redundant Manipulator},
  doi={10.1109/ICCMA54375.2021.9646185}}

@INPROCEEDINGS{Tittelpanda,
  author={Tittel, Sven},
  booktitle={2021 20th International Conference on Advanced Robotics (ICAR)}, 
  title={Analytical Solution for the Inverse Kinematics Problem of the Franka Emika Panda Seven-DOF Light-Weight Robot Arm}, 
  year={2021},
  volume={},
  number={},
  pages={1042-1047},
  keywords={Geometry;Redundancy;Human-robot interaction;Kinematics;Machine learning;C++ languages;Manipulators},
  doi={10.1109/ICAR53236.2021.9659393}}

@article{ik,
author = {Buss, Samuel},
year = {2004},
month = {05},
pages = {},
title = {Introduction to inverse kinematics with Jacobian transpose, pseudoinverse and damped least squares methods},
volume = {17},
journal = {IEEE Transactions in Robotics and Automation}
}

@misc{franka_emika_2017,
  author = {Franka Emika GmbH},
  title = {Robot and Interface Specifications: {Franka Control Interface (FCI)} Documentation},
  year = {2017},
  howpublished = {\url{https://frankaemika.github.io/docs/control_parameters.html}},
  note = {Accessed: Mar. 23, 2025}
}